
@article{akerlof:1970,
  author       = "George A.~Akerlof",
  title        = "The Market for Lemons:  Quality Uncertainty and the Market
                  Mechanism",
  journal      = "Quarterly Journal of Economics",
  volume       = {84},
  year         = {1970},
  pages        = {488--500}
}



@article{heckman:1979,
  author       = "James J.~Heckman",
  title        = "Sample Selection Bias as a Specification Error",
  journal      = "Econometrica",
  volume       = {47},
  year         = {1979},
  pages        = {153--161}
}




